% This file was created with JabRef 2.9b2.
% Encoding: ISO8859_1
@misc{GIT,
    author       = {Thijs Veen and Maarten ten Voorde},
    title        = {{Integration Project}},
    month        = June,
    year         = 2020,
    version      = {1.0},
    url          = {git@github.com:ttveen/HybridSystems.git}
}